<record><leader>00000cas a22000007a 4500</leader><controlfield tag="001">21212121</controlfield><controlfield tag="008">900314d186018uuvauwr ne      0    0eng d</controlfield><datafield ind1=" " ind2=" " tag="010"><subfield code="a">sn 90069181 </subfield></datafield><datafield ind1=" " ind2=" " tag="040"><subfield code="a">NPH</subfield><subfield code="b">eng</subfield><subfield code="c">NPH</subfield><subfield code="d">NVK</subfield><subfield code="d">OCL</subfield><subfield code="d">NVK</subfield><subfield code="d">OCLCQ</subfield><subfield code="d">OCLCF</subfield><subfield code="d">OCLCO</subfield></datafield><datafield ind1="1" ind2=" " tag="029"><subfield code="a">AU@</subfield><subfield code="b">000020225654</subfield></datafield><datafield ind1=" " ind2=" " tag="042"><subfield code="a">msc</subfield></datafield><datafield ind1=" " ind2=" " tag="043"><subfield code="a">n-us-va</subfield></datafield><datafield ind1="0" ind2=" " tag="130"><subfield code="a">New star (Christiansburg, Va.)</subfield></datafield><datafield ind1="1" ind2="0" tag="245"><subfield code="a">New star.</subfield></datafield><datafield ind1=" " ind2=" " tag="260"><subfield code="a">Christiansburg, Va. :</subfield><subfield code="b">McMurran &amp; Wade,</subfield><subfield code="c">1860-</subfield></datafield><datafield ind1=" " ind2=" " tag="300"><subfield code="a">v.</subfield></datafield><datafield ind1=" " ind2=" " tag="310"><subfield code="a">Weekly</subfield></datafield><datafield ind1="0" ind2=" " tag="362"><subfield code="a">Vol. 6, no. 1 (Aug. 18, 1860)-</subfield></datafield><datafield ind1=" " ind2=" " tag="500"><subfield code="a">Volume numbering continues the Star and herald. Issue numbers repeat for new title.</subfield></datafield><datafield ind1=" " ind2=" " tag="530"><subfield code="a">Also issued on microfilm from the University of Virginia.</subfield></datafield><datafield ind1=" " ind2="0" tag="651"><subfield code="a">Christiansburg (Va.)</subfield><subfield code="v">Newspapers.</subfield></datafield><datafield ind1=" " ind2="7" tag="655"><subfield code="a">Newspapers.</subfield><subfield code="2">fast</subfield><subfield code="0">(OCoLC)fst01423814</subfield></datafield><datafield ind1=" " ind2="7" tag="651"><subfield code="a">Virginia</subfield><subfield code="z">Christiansburg.</subfield><subfield code="2">fast</subfield><subfield code="0">(OCoLC)fst01215606</subfield></datafield><datafield ind1=" " ind2=" " tag="752"><subfield code="a">United States</subfield><subfield code="b">Virginia</subfield><subfield code="c">Montgomery</subfield><subfield code="d">Christiansburg.</subfield></datafield><datafield ind1="0" ind2="0" tag="780"><subfield code="t">Star and herald (Christiansburg, Va.)</subfield><subfield code="w">(DLC)sn 94060204</subfield></datafield></record>